@inproceedings{Traver:2010,
 author = {V. Javier Traver},
 title = {On Compiler Error Messages: What They Say and What They Mean},
 booktitle = {Advances in Human-Computer Interaction},
 year = {2010},
 location = {Castell√≥n, Spain},
 numpages = {26},
 url = {http://dx.doi.org/10.1155/2010/602570},
 doi = {http://dx.doi.org/10.1155/2010/602570,
 acmid = {602570},
 keywords = {compiler, error messages, usability},
 note={\emph{This article discusses compiler errors, a large portion of my paper}}
}

@inproceedings{Marceau:2011:MYL:2048237.2048241,
 author = {Marceau, Guillaume and Fisler, Kathi and Krishnamurthi, Shriram},
 title = {Mind Your Language: On Novices' Interactions with Error Messages},
 booktitle = {Proceedings of the 10th SIGPLAN Symposium on New Ideas, New Paradigms, and Reflections on Programming and Software},
 series = {Onward! 2011},
 year = {2011},
 isbn = {978-1-4503-0941-7},
 location = {Portland, Oregon, USA},
 pages = {3--18},
 numpages = {16},
 url = {http://doi.acm.org.ezproxy.morris.umn.edu/10.1145/2048237.2048241},
 doi = {10.1145/2048237.2048241},
 acmid = {2048241},
 publisher = {ACM},
 address = {New York, NY, USA},
 keywords = {beginner-friendly ides, error message design, novice programmers, user-studies},
 note={\emph{This paper along with the next help with a lot of the analyses and results of error message research}}
 }
 
 @inproceedings{Marceau:2011:MEE:1953163.1953308,
 author = {Marceau, Guillaume and Fisler, Kathi and Krishnamurthi, Shriram},
 title = {Measuring the Effectiveness of Error Messages Designed for Novice Programmers},
 booktitle = {Proceedings of the 42Nd ACM Technical Symposium on Computer Science Education},
 series = {SIGCSE '11},
 year = {2011},
 isbn = {978-1-4503-0500-6},
 location = {Dallas, TX, USA},
 pages = {499--504},
 numpages = {6},
 url = {http://doi.acm.org.ezproxy.morris.umn.edu/10.1145/1953163.1953308},
 doi = {10.1145/1953163.1953308},
 acmid = {1953308},
 publisher = {ACM},
 address = {New York, NY, USA},
 keywords = {error messages, novice programmers, user-studies},
 note={\emph{Helps with analyses and results of usability of error messages and presents a nice rubric for improving error messages}}
} 

@inproceedings{Denny:2014:ESE:2591708.2591748,
 author = {Denny, Paul and Luxton-Reilly, Andrew and Carpenter, Dave},
 title = {Enhancing Syntax Error Messages Appears Ineffectual},
 booktitle = {Proceedings of the 2014 Conference on Innovation \&\#38; Technology in Computer Science Education},
 series = {ITiCSE '14},
 year = {2014},
 isbn = {978-1-4503-2833-3},
 location = {Uppsala, Sweden},
 pages = {273--278},
 numpages = {6},
 url = {http://doi.acm.org.ezproxy.morris.umn.edu/10.1145/2591708.2591748},
 doi = {10.1145/2591708.2591748},
 acmid = {2591748},
 publisher = {ACM},
 address = {New York, NY, USA},
 keywords = {debugging, error messages, errors, feedback, novice, programming, syntax error},
 note={\emph{Discusses syntax errors and helps coincide with compiler source}}
} 

@inproceedings{Hartmann:2010:OPS:1753326.1753478,
 author = {Hartmann, Bj\"{o}rn and MacDougall, Daniel and Brandt, Joel and Klemmer, Scott R.},
 title = {What Would Other Programmers Do: Suggesting Solutions to Error Messages},
 booktitle = {Proceedings of the SIGCHI Conference on Human Factors in Computing Systems},
 series = {CHI '10},
 year = {2010},
 isbn = {978-1-60558-929-9},
 location = {Atlanta, Georgia, USA},
 pages = {1019--1028},
 numpages = {10},
 url = {http://doi.acm.org.ezproxy.morris.umn.edu/10.1145/1753326.1753478},
 doi = {10.1145/1753326.1753478},
 acmid = {1753478},
 publisher = {ACM},
 address = {New York, NY, USA},
 keywords = {debugging, recommender systems},
 note={\emph{Presents a framework for adding hints for error messages, can probably mention hints in methodologies}}
}

@inproceedings{Murphy:2008:BTD:1352135.1352193,
 author = {Murphy, Christian and Kim, Eunhee and Kaiser, Gail and Cannon, Adam},
 title = {Backstop: A Tool for Debugging Runtime Errors},
 booktitle = {Proceedings of the 39th SIGCSE Technical Symposium on Computer Science Education},
 series = {SIGCSE '08},
 year = {2008},
 isbn = {978-1-59593-799-5},
 location = {Portland, OR, USA},
 pages = {173--177},
 numpages = {5},
 url = {http://doi.acm.org.ezproxy.morris.umn.edu/10.1145/1352135.1352193},
 doi = {10.1145/1352135.1352193},
 acmid = {1352193},
 publisher = {ACM},
 address = {New York, NY, USA},
 keywords = {debugging, exception handling},
 note={\emph{Can possibly mention this in the conclusions as a background source}}
} 

@inproceedings{Isa:1983:MOE:800045.801583,
 author = {Isa, Barbara S. and Boyle, James M. and Neal, Alan S. and Simons, Roger M.},
 title = {A Methodology for Objectively Evaluating Error Messages},
 booktitle = {Proceedings of the SIGCHI Conference on Human Factors in Computing Systems},
 series = {CHI '83},
 year = {1983},
 isbn = {0-89791-121-0},
 location = {Boston, Massachusetts, USA},
 pages = {68--71},
 numpages = {4},
 url = {http://doi.acm.org.ezproxy.morris.umn.edu/10.1145/800045.801583},
 doi = {10.1145/800045.801583},
 acmid = {801583},
 publisher = {ACM},
 address = {New York, NY, USA},
 note={\emph{can use this in methodologies and probably as a background in several other areas}}
} 

